@misc{wolfram_triangle_wave,
    author   = {Weisstein, Eric W.},
    title    = {{"Fourier Series-Triangle Wave." From MathWorld---A Wolfram Web Resource}},
    url      = {https://mathworld.wolfram.com/FourierSeriesTriangleWave.html},
    note     = {Accessed at 19/04/2024},
    howpublished = "\url{https://mathworld.wolfram.com/FourierSeriesTriangleWave.html}",
}
